<?xml version="1.0" encoding="UTF-8"?><collection xmlns="http://www.loc.gov/MARC21/slim"><record><leader>00420nam--2200145-i-4500</leader><controlfield tag="001">000032814</controlfield><controlfield tag="002">20161230</controlfield><controlfield tag="005">20161230201039</controlfield><controlfield tag="008">060222s1000------------r-----000-0-eng-d</controlfield><datafield ind1=" " ind2=" " tag="080"><subfield code="a">519.24:681.391</subfield></datafield><datafield ind1=" " ind2=" " tag="100"><subfield code="a">Middleton, David</subfield></datafield><datafield ind1=" " ind2=" " tag="245"><subfield code="a">An intr.to statistical communication theory</subfield></datafield><datafield ind1=" " ind2=" " tag="260"><subfield code="a">New York, Mcgraw-hill, Book Co.,Inc.,1960. Xix +1140p</subfield></datafield><datafield ind1=" " ind2=" " tag="490"><subfield code="a">Int.Series In Pure And Applied Physics</subfield></datafield><datafield ind1=" " ind2=" " tag="852"><subfield code="a">15632</subfield></datafield></record></collection>